
   </integ:BIB_ID>
   <integ:BIB_ID id="4246415" self="true">
      <marc:record xmlns:marc="http://www.loc.gov/MARC21/slim">
         <marc:leader>01001cpdaa2200241Ia 4500</marc:leader>
         <marc:controlfield tag="001">4246415</marc:controlfield>
         <marc:controlfield tag="005">20080123091518.0</marc:controlfield>
         <marc:controlfield tag="008">071220i19401959pau                 eng d</marc:controlfield>
         <marc:datafield tag="035" ind1=" " ind2=" ">
            <marc:subfield code="a">(OCoLC)ocn184925011</marc:subfield>
         </marc:datafield>
         <marc:datafield tag="040" ind1=" " ind2=" ">
            <marc:subfield code="a">PAULM</marc:subfield>
            <marc:subfield code="c">PAULM</marc:subfield>
            <marc:subfield code="e">dacs</marc:subfield>
         </marc:datafield>
         <marc:datafield tag="035" ind1=" " ind2=" ">
            <marc:subfield code="a">(OCoLC)184925011</marc:subfield>
         </marc:datafield>
         <marc:datafield tag="079" ind1=" " ind2=" ">
            <marc:subfield code="a">ocn184925006</marc:subfield>
         </marc:datafield>
         <marc:datafield tag="099" ind1=" " ind2="9">
            <marc:subfield code="a">Ms. Coll. 650</marc:subfield>
         </marc:datafield>
         <marc:datafield tag="049" ind1=" " ind2=" ">
            <marc:subfield code="a">PAUM</marc:subfield>
         </marc:datafield>
         <marc:datafield tag="100" ind1="1" ind2=" ">
            <marc:subfield code="a">Shapiro, Harry,</marc:subfield>
            <marc:subfield code="d">1897-1971.</marc:subfield>
         </marc:datafield>
         <marc:datafield tag="245" ind1="0" ind2="0">
            <marc:subfield code="k">Correspondence</marc:subfield>
            <marc:subfield code="b">with Van Wyck Brooks,</marc:subfield>
            <marc:subfield code="f">1940-1959.</marc:subfield>
         </marc:datafield>
         <marc:datafield tag="300" ind1=" " ind2=" ">
            <marc:subfield code="a">7</marc:subfield>
            <marc:subfield code="f">items (11 leaves)</marc:subfield>
         </marc:datafield>
         <marc:datafield tag="500" ind1=" " ind2=" ">
            <marc:subfield code="a">Contains 2 items (4 leaves) from Van Wyck Brooks. Brooks items are photocopies.</marc:subfield>
         </marc:datafield>
         <marc:datafield tag="520" ind1=" " ind2=" ">
            <marc:subfield code="a">Brooks's letters concern Kotirau, Frank Stimson's Polynesian wife.</marc:subfield>
         </marc:datafield>
         <marc:datafield tag="545" ind1="0" ind2=" ">
            <marc:subfield code="a">Shapiro was Frank Stimson's friend, and one of the group that arranged for Donald Marshall to join Stimson in Tahiti.</marc:subfield>
         </marc:datafield>
         <marc:datafield tag="773" ind1="0" ind2=" ">
            <marc:subfield code="t">Van Wyck Brooks Papers.</marc:subfield>
            <marc:subfield code="g">Folder 2572</marc:subfield>
         </marc:datafield>
         <marc:datafield tag="852" ind1=" " ind2=" ">
            <marc:subfield code="b">Rare Book &amp; Manuscript Library</marc:subfield>
            <marc:subfield code="a">University of Pennsylvania</marc:subfield>
            <marc:subfield code="e">3420 Walnut Street, Philadelphia, Pennsylvania 19104-6206.</marc:subfield>
            <marc:subfield code="j">Ms. Coll. 650</marc:subfield>
         </marc:datafield>
         <marc:datafield tag="994" ind1=" " ind2=" ">
            <marc:subfield code="a">C0</marc:subfield>
            <marc:subfield code="b">PAULM</marc:subfield>
         </marc:datafield>
      </marc:record>
   </integ:BIB_ID>
</integ:root>
